
@techreport{baro_requirements_2013,
	type = {Requirements},
	title = {Requirements for {openETCS}},
	copyright = {{CC-by-SA}},
	number = {D2.6},
	institution = {{openETCS}},
	author = {Baro, Sylvain and Welte, Jan},
	month = apr,
	year = {2013},
	keywords = {{OpenETCS}, {WP2}},
	pages = {1–23}
},

@techreport{petit-doche_openetcs_2013,
	type = {Definition},
	title = {{openETCS} process},
	copyright = {{CC-by-SA}},
	number = {D2.3},
	institution = {{openETCS}},
	author = {Petit-Doche, Marielle and Güdemann, Matthias},
	month = feb,
	year = {2013},
	keywords = {{OpenETCS}, {WP2}},
	pages = {1–17}
},

@techreport{pokam_report_2013,
	type = {Requirements},
	title = {Report on {CENELEC} standards},
	copyright = {{CC-by-SA}},
	number = {D2.2},
	institution = {{openETCS}},
	author = {Pokam, Merlin and Schäfer, Norbert},
	month = apr,
	year = {2013},
	keywords = {{OpenETCS}, {WP2}},
	pages = {1–52}
},

@techreport{hase_project_2011,
	type = {Requirements},
	title = {Project Outline Full Project Proposal Annex {openETCS} ıt Open Proofs Methodology for the European Train Control System},
	number = {v2.2},
	institution = {{openETCS}},
	author = {Hase, Klaus-Rüdiger},
	year = {2011},
	keywords = {{OpenETCS}},
	pages = {1–98}
},

@techreport{unisig_subset-026_2012,
	type = {{SRS}},
	title = {{SUBSET-026} – System Requirements Specification},
	number = {3.3.0},
	institution = {{ERA}},
	author = {{UNISIG}},
	month = mar,
	year = {2012},
	keywords = {Standard, {UNISIG}}
},

@book{standard_railway_2011,
	series = {{CENELEC} {EN} 50128},
	title = {Railway applications-Communication, signalling and processing system- Software for railway control and protecton system},
	publisher = {{DIN}},
	author = {Standard, European},
	month = oct,
	year = {2011},
	keywords = {{CENELEC}, Standard}
},

@book{group_omg_2012,
	title = {{OMG} Systems Modeling Language ({OMG}	{SysML\textsuperscript{TM}})},
	url = {www.omgsysml.org},
	author = {Group, Object Management},
	month = jun,
	year = {2012},
	keywords = {{OMG}, {SysML}}
},

@article{slotosch_model-based_2012,
	title = {Model-Based Tool Qualification : The roadmap of eclipse towards tool Qualification},
	url = {http://wiki.eclipse.org/images/7/75/ModelBasedToolQuali.pdf},
	urldate = {2013-04-16},
	journal = {Springer},
	author = {Slotosch, Oscar},
	year = {2012},
	keywords = {Tool Integration, Tool qualification}
},

@incollection{asplund_towards_2012,
	series = {Lecture Notes in Computer Science},
	title = {Towards the automated qualification of tool chain design},
	volume = {7613},
	isbn = {978-3-642-33674-4},
	url = {http://link.springer.com/chapter/10.1007/978-3-642-33675-1_36},
	urldate = {2013-04-23},
	booktitle = {Computer Safety, Reliability, and Security},
	publisher = {Springer},
	author = {Asplund, Fredrik and Biehl, Matthias and Loiret, Frédéric},
	year = {2012},
	keywords = {safety, Tool Integration, Tool qualification},
	pages = {392–399}
}
